@article{Xiao:2011,
  title={{Ct3d: tracking microglia motility in 3D using a novel cosegmentation approach}},
  author={Xiao, H. and Li, Y. and Du, J. and Mosig, A.},
  journal={Bioinformatics},
  volume={27},
  number={4},
  pages={564},
  issn={1367-4803},
  year={2011},
  publisher={Oxford Univ Press}
}
@article{sahoo1988survey,
  title={A survey of thresholding techniques},
  author={Sahoo, Prasanna K and Soltani, S and Wong, AKC},
  journal={Computer vision, graphics, and image processing},
  volume={41},
  number={2},
  pages={233--260},
  year={1988},
  publisher={Elsevier}
}
@article{sezgin2004survey,
  title={Survey over image thresholding techniques and quantitative performance evaluation},
  author={Sezgin, Mehmet and others},
  journal={Journal of Electronic imaging},
  volume={13},
  number={1},
  pages={146--168},
  year={2004},
  publisher={International Society for Optics and Photonics}
}
@article{sankur2001image,
  title={Image thresholding techniques: A survey over categories},
  author={Sankur, Bulent and Sezgin, Mehmet},
  journal={Pattern Recognition},
  volume={34},
  number={2},
  pages={1573--1583},
  year={2001}
}
@article{kamel1993extraction,
  title={Extraction of binary character/graphics images from grayscale document images},
  author={Kamel, Mohamed and Zhao, Aiguo},
  journal={CVGIP: Graphical Model and Image Processing},
  volume={55},
  number={3},
  pages={203--217},
  year={1993}
}
@inproceedings{abak1997performance,
  title={The performance evaluation of thresholding algorithms for optical character recognition},
  author={Abak, Ali T and Baris, U and Sankur, B{\"u}lent},
  booktitle={Document Analysis and Recognition, 1997., Proceedings of the Fourth International Conference on},
  volume={2},
  pages={697--700},
  year={1997},
  organization={IEEE}
}
@article{otsu1975threshold,
  title={A threshold selection method from gray-level histograms},
  author={Otsu, Nobuyuki},
  journal={Automatica},
  volume={11},
  number={285-296},
  pages={23--27},
  year={1975}
}
@article{freixenet2002yet,
  title={Yet another survey on image segmentation: Region and boundary information integration},
  author={Freixenet, Jordi and Mu{\~n}oz, Xavier and Raba, David and Mart{\'\i}, Joan and Cuf{\'\i}, Xavier},
  journal={Computer Visionâ€”ECCV 2002},
  pages={21--25},
  year={2002},
  publisher={Springer}
}
@article{kass1988snakes,
  title={Snakes: Active contour models},
  author={Kass, Michael and Witkin, Andrew and Terzopoulos, Demetri},
  journal={International journal of computer vision},
  volume={1},
  number={4},
  pages={321--331},
  year={1988},
  publisher={Springer}
}
@book{snyman2005practical,
  title={Practical mathematical optimization: an introduction to basic optimization theory and classical and new gradient-based algorithms},
  author={Snyman, Jan},
  volume={97},
  year={2005},
  publisher={Springer}
}
